%YAML 1.1
%TAG !u! tag:unity3d.com,2011:
--- !u!29 &1
SceneSettings:
  m_ObjectHideFlags: 0
  m_PVSData: 
  m_PVSObjectsArray: []
  m_PVSPortalsArray: []
  m_OcclusionBakeSettings:
    smallestOccluder: 5
    smallestHole: .25
    backfaceThreshold: 100
--- !u!104 &2
RenderSettings:
  m_Fog: 0
  m_FogColor: {r: .5, g: .5, b: .5, a: 1}
  m_FogMode: 3
  m_FogDensity: .00999999978
  m_LinearFogStart: 0
  m_LinearFogEnd: 300
  m_AmbientLight: {r: .200000003, g: .200000003, b: .200000003, a: 1}
  m_SkyboxMaterial: {fileID: 0}
  m_HaloStrength: .5
  m_FlareStrength: 1
  m_FlareFadeSpeed: 3
  m_HaloTexture: {fileID: 0}
  m_SpotCookie: {fileID: 0}
  m_ObjectHideFlags: 0
--- !u!127 &3
LevelGameManager:
  m_ObjectHideFlags: 0
--- !u!157 &4
LightmapSettings:
  m_ObjectHideFlags: 0
  m_LightProbes: {fileID: 0}
  m_Lightmaps: []
  m_LightmapsMode: 1
  m_BakedColorSpace: 0
  m_UseDualLightmapsInForward: 0
  m_LightmapEditorSettings:
    m_Resolution: 50
    m_LastUsedResolution: 0
    m_TextureWidth: 1024
    m_TextureHeight: 1024
    m_BounceBoost: 1
    m_BounceIntensity: 1
    m_SkyLightColor: {r: .860000014, g: .930000007, b: 1, a: 1}
    m_SkyLightIntensity: 0
    m_Quality: 0
    m_Bounces: 1
    m_FinalGatherRays: 1000
    m_FinalGatherContrastThreshold: .0500000007
    m_FinalGatherGradientThreshold: 0
    m_FinalGatherInterpolationPoints: 15
    m_AOAmount: 0
    m_AOMaxDistance: .100000001
    m_AOContrast: 1
    m_LODSurfaceMappingDistance: 1
    m_Padding: 0
    m_TextureCompression: 0
    m_LockAtlas: 0
--- !u!196 &5
NavMeshSettings:
  m_ObjectHideFlags: 0
  m_BuildSettings:
    agentRadius: .5
    agentHeight: 2
    agentSlope: 45
    agentClimb: .400000006
    ledgeDropHeight: 0
    maxJumpAcrossDistance: 0
    accuratePlacement: 0
    minRegionArea: 2
    widthInaccuracy: 16.666666
    heightInaccuracy: 10
  m_NavMesh: {fileID: 0}
--- !u!1 &134515916
GameObject:
  m_ObjectHideFlags: 0
  m_PrefabParentObject: {fileID: 100030, guid: 951665d44c6a342d2bd5137e77c20102, type: 2}
  m_PrefabInternal: {fileID: 472605398}
  serializedVersion: 4
  m_Component:
  - 224: {fileID: 134515917}
  - 222: {fileID: 134515920}
  - 114: {fileID: 134515919}
  - 114: {fileID: 134515918}
  m_Layer: 5
  m_Name: Sub Due
  m_TagString: Untagged
  m_Icon: {fileID: 0}
  m_NavMeshLayer: 0
  m_StaticEditorFlags: 0
  m_IsActive: 1
--- !u!224 &134515917
RectTransform:
  m_ObjectHideFlags: 0
  m_PrefabParentObject: {fileID: 22400030, guid: 951665d44c6a342d2bd5137e77c20102,
    type: 2}
  m_PrefabInternal: {fileID: 472605398}
  m_GameObject: {fileID: 134515916}
  m_LocalRotation: {x: 0, y: 0, z: 0, w: 1}
  m_LocalPosition: {x: 0, y: 0, z: 0}
  m_LocalScale: {x: 1, y: 1, z: 1}
  m_Children:
  - {fileID: 1882788063}
  m_Father: {fileID: 1273592571}
  m_RootOrder: 1
  m_AnchorMin: {x: .5, y: .5}
  m_AnchorMax: {x: .5, y: .5}
  m_AnchoredPosition: {x: 0, y: -5}
  m_SizeDelta: {x: 160, y: 30}
  m_Pivot: {x: .5, y: .5}
--- !u!114 &134515918
MonoBehaviour:
  m_ObjectHideFlags: 0
  m_PrefabParentObject: {fileID: 11400032, guid: 951665d44c6a342d2bd5137e77c20102,
    type: 2}
  m_PrefabInternal: {fileID: 472605398}
  m_GameObject: {fileID: 134515916}
  m_Enabled: 1
  m_EditorHideFlags: 0
  m_Script: {fileID: 1392445389, guid: f5f67c52d1564df4a8936ccd202a3bd8, type: 3}
  m_Name: 
  m_EditorClassIdentifier: 
  m_Navigation:
    m_Mode: 3
    m_SelectOnUp: {fileID: 0}
    m_SelectOnDown: {fileID: 0}
    m_SelectOnLeft: {fileID: 0}
    m_SelectOnRight: {fileID: 0}
  m_Transition: 1
  m_Colors:
    m_NormalColor: {r: 1, g: 1, b: 1, a: 1}
    m_HighlightedColor: {r: .960784316, g: .960784316, b: .960784316, a: 1}
    m_PressedColor: {r: .784313738, g: .784313738, b: .784313738, a: 1}
    m_DisabledColor: {r: .784313738, g: .784313738, b: .784313738, a: .501960814}
    m_ColorMultiplier: 1
    m_FadeDuration: .100000001
  m_SpriteState:
    m_HighlightedSprite: {fileID: 0}
    m_PressedSprite: {fileID: 0}
    m_DisabledSprite: {fileID: 0}
  m_AnimationTriggers:
    m_NormalTrigger: Normal
    m_HighlightedTrigger: Highlighted
    m_PressedTrigger: Pressed
    m_DisabledTrigger: Disabled
  m_Interactable: 1
  m_TargetGraphic: {fileID: 134515919}
  m_OnClick:
    m_PersistentCalls:
      m_Calls:
      - m_Target: {fileID: 0}
        m_MethodName: addTestSubtitleDue
        m_Mode: 1
        m_Arguments:
          m_ObjectArgument: {fileID: 0}
          m_ObjectArgumentAssemblyTypeName: UnityEngine.Object, UnityEngine, Version=0.0.0.0,
            Culture=neutral, PublicKeyToken=null
          m_IntArgument: 0
          m_FloatArgument: 0
          m_StringArgument: 
          m_BoolArgument: 0
        m_CallState: 2
    m_TypeName: UnityEngine.UI.Button+ButtonClickedEvent, UnityEngine.UI, Version=1.0.0.0,
      Culture=neutral, PublicKeyToken=null
--- !u!114 &134515919
MonoBehaviour:
  m_ObjectHideFlags: 0
  m_PrefabParentObject: {fileID: 11400034, guid: 951665d44c6a342d2bd5137e77c20102,
    type: 2}
  m_PrefabInternal: {fileID: 472605398}
  m_GameObject: {fileID: 134515916}
  m_Enabled: 1
  m_EditorHideFlags: 0
  m_Script: {fileID: -765806418, guid: f5f67c52d1564df4a8936ccd202a3bd8, type: 3}
  m_Name: 
  m_EditorClassIdentifier: 
  m_Material: {fileID: 0}
  m_Color: {r: 1, g: 1, b: 1, a: 1}
  m_Sprite: {fileID: 10905, guid: 0000000000000000f000000000000000, type: 0}
  m_Type: 1
  m_PreserveAspect: 0
  m_FillCenter: 1
  m_FillMethod: 4
  m_FillAmount: 1
  m_FillClockwise: 1
  m_FillOrigin: 0
--- !u!222 &134515920
CanvasRenderer:
  m_ObjectHideFlags: 0
  m_PrefabParentObject: {fileID: 22200024, guid: 951665d44c6a342d2bd5137e77c20102,
    type: 2}
  m_PrefabInternal: {fileID: 472605398}
  m_GameObject: {fileID: 134515916}
--- !u!1 &138021276
GameObject:
  m_ObjectHideFlags: 0
  m_PrefabParentObject: {fileID: 100018, guid: 951665d44c6a342d2bd5137e77c20102, type: 2}
  m_PrefabInternal: {fileID: 472605398}
  serializedVersion: 4
  m_Component:
  - 224: {fileID: 138021277}
  - 222: {fileID: 138021279}
  - 114: {fileID: 138021278}
  m_Layer: 5
  m_Name: dialog
  m_TagString: Untagged
  m_Icon: {fileID: 0}
  m_NavMeshLayer: 0
  m_StaticEditorFlags: 0
  m_IsActive: 1
--- !u!224 &138021277
RectTransform:
  m_ObjectHideFlags: 0
  m_PrefabParentObject: {fileID: 22400018, guid: 951665d44c6a342d2bd5137e77c20102,
    type: 2}
  m_PrefabInternal: {fileID: 472605398}
  m_GameObject: {fileID: 138021276}
  m_LocalRotation: {x: 0, y: 0, z: 0, w: 1}
  m_LocalPosition: {x: 0, y: 0, z: 0}
  m_LocalScale: {x: 1, y: 1, z: 1}
  m_Children:
  - {fileID: 396185577}
  m_Father: {fileID: 1499077527}
  m_RootOrder: 4
  m_AnchorMin: {x: 0, y: 0}
  m_AnchorMax: {x: 1, y: .142450765}
  m_AnchoredPosition: {x: 0, y: -3.5}
  m_SizeDelta: {x: 33, y: 13}
  m_Pivot: {x: .5, y: .5}
--- !u!114 &138021278
MonoBehaviour:
  m_ObjectHideFlags: 0
  m_PrefabParentObject: {fileID: 11400018, guid: 951665d44c6a342d2bd5137e77c20102,
    type: 2}
  m_PrefabInternal: {fileID: 472605398}
  m_GameObject: {fileID: 138021276}
  m_Enabled: 1
  m_EditorHideFlags: 0
  m_Script: {fileID: -765806418, guid: f5f67c52d1564df4a8936ccd202a3bd8, type: 3}
  m_Name: 
  m_EditorClassIdentifier: 
  m_Material: {fileID: 0}
  m_Color: {r: 0, g: 0, b: .00392156886, a: 1}
  m_Sprite: {fileID: 10907, guid: 0000000000000000f000000000000000, type: 0}
  m_Type: 1
  m_PreserveAspect: 0
  m_FillCenter: 1
  m_FillMethod: 4
  m_FillAmount: 1
  m_FillClockwise: 1
  m_FillOrigin: 0
--- !u!222 &138021279
CanvasRenderer:
  m_ObjectHideFlags: 0
  m_PrefabParentObject: {fileID: 22200014, guid: 951665d44c6a342d2bd5137e77c20102,
    type: 2}
  m_PrefabInternal: {fileID: 472605398}
  m_GameObject: {fileID: 138021276}
--- !u!1 &161375959
GameObject:
  m_ObjectHideFlags: 0
  m_PrefabParentObject: {fileID: 100016, guid: 951665d44c6a342d2bd5137e77c20102, type: 2}
  m_PrefabInternal: {fileID: 472605398}
  serializedVersion: 4
  m_Component:
  - 224: {fileID: 161375960}
  - 222: {fileID: 161375962}
  - 114: {fileID: 161375961}
  m_Layer: 5
  m_Name: L50
  m_TagString: Untagged
  m_Icon: {fileID: 0}
  m_NavMeshLayer: 0
  m_StaticEditorFlags: 0
  m_IsActive: 1
--- !u!224 &161375960
RectTransform:
  m_ObjectHideFlags: 0
  m_PrefabParentObject: {fileID: 22400016, guid: 951665d44c6a342d2bd5137e77c20102,
    type: 2}
  m_PrefabInternal: {fileID: 472605398}
  m_GameObject: {fileID: 161375959}
  m_LocalRotation: {x: 0, y: 0, z: 0, w: 1}
  m_LocalPosition: {x: 0, y: 0, z: 0}
  m_LocalScale: {x: 1, y: 1, z: 1}
  m_Children: []
  m_Father: {fileID: 1633509252}
  m_RootOrder: 1
  m_AnchorMin: {x: .5, y: .5}
  m_AnchorMax: {x: .5, y: .5}
  m_AnchoredPosition: {x: -7, y: 1}
  m_SizeDelta: {x: 324, y: 324}
  m_Pivot: {x: .5, y: .5}
--- !u!114 &161375961
MonoBehaviour:
  m_ObjectHideFlags: 0
  m_PrefabParentObject: {fileID: 11400016, guid: 951665d44c6a342d2bd5137e77c20102,
    type: 2}
  m_PrefabInternal: {fileID: 472605398}
  m_GameObject: {fileID: 161375959}
  m_Enabled: 1
  m_EditorHideFlags: 0
  m_Script: {fileID: -765806418, guid: f5f67c52d1564df4a8936ccd202a3bd8, type: 3}
  m_Name: 
  m_EditorClassIdentifier: 
  m_Material: {fileID: 0}
  m_Color: {r: 1, g: 1, b: 1, a: 1}
  m_Sprite: {fileID: 21300000, guid: 8c5a5dc2fc93d4addb99faa6dc3139ae, type: 3}
  m_Type: 0
  m_PreserveAspect: 0
  m_FillCenter: 1
  m_FillMethod: 4
  m_FillAmount: 1
  m_FillClockwise: 1
  m_FillOrigin: 0
--- !u!222 &161375962
CanvasRenderer:
  m_ObjectHideFlags: 0
  m_PrefabParentObject: {fileID: 22200012, guid: 951665d44c6a342d2bd5137e77c20102,
    type: 2}
  m_PrefabInternal: {fileID: 472605398}
  m_GameObject: {fileID: 161375959}
--- !u!1 &183199952
GameObject:
  m_ObjectHideFlags: 0
  m_PrefabParentObject: {fileID: 100024, guid: 951665d44c6a342d2bd5137e77c20102, type: 2}
  m_PrefabInternal: {fileID: 472605398}
  serializedVersion: 4
  m_Component:
  - 224: {fileID: 183199953}
  - 222: {fileID: 183199955}
  - 114: {fileID: 183199954}
  m_Layer: 5
  m_Name: Image
  m_TagString: Untagged
  m_Icon: {fileID: 0}
  m_NavMeshLayer: 0
  m_StaticEditorFlags: 0
  m_IsActive: 0
--- !u!224 &183199953
RectTransform:
  m_ObjectHideFlags: 0
  m_PrefabParentObject: {fileID: 22400024, guid: 951665d44c6a342d2bd5137e77c20102,
    type: 2}
  m_PrefabInternal: {fileID: 472605398}
  m_GameObject: {fileID: 183199952}
  m_LocalRotation: {x: 0, y: 0, z: 0, w: 1}
  m_LocalPosition: {x: 0, y: 0, z: 0}
  m_LocalScale: {x: 1, y: 1, z: 1}
  m_Children: []
  m_Father: {fileID: 1499077527}
  m_RootOrder: 2
  m_AnchorMin: {x: .5, y: .5}
  m_AnchorMax: {x: .5, y: .5}
  m_AnchoredPosition: {x: 0, y: 0}
  m_SizeDelta: {x: 23, y: 23}
  m_Pivot: {x: .5, y: .5}
--- !u!114 &183199954
MonoBehaviour:
  m_ObjectHideFlags: 0
  m_PrefabParentObject: {fileID: 11400026, guid: 951665d44c6a342d2bd5137e77c20102,
    type: 2}
  m_PrefabInternal: {fileID: 472605398}
  m_GameObject: {fileID: 183199952}
  m_Enabled: 1
  m_EditorHideFlags: 0
  m_Script: {fileID: -765806418, guid: f5f67c52d1564df4a8936ccd202a3bd8, type: 3}
  m_Name: 
  m_EditorClassIdentifier: 
  m_Material: {fileID: 0}
  m_Color: {r: 1, g: 1, b: 1, a: 1}
  m_Sprite: {fileID: 21300000, guid: 76f6c4255cefc4932a6125367fbc4914, type: 3}
  m_Type: 0
  m_PreserveAspect: 0
  m_FillCenter: 1
  m_FillMethod: 4
  m_FillAmount: 1
  m_FillClockwise: 1
  m_FillOrigin: 0
--- !u!222 &183199955
CanvasRenderer:
  m_ObjectHideFlags: 0
  m_PrefabParentObject: {fileID: 22200018, guid: 951665d44c6a342d2bd5137e77c20102,
    type: 2}
  m_PrefabInternal: {fileID: 472605398}
  m_GameObject: {fileID: 183199952}
--- !u!1 &220634339
GameObject:
  m_ObjectHideFlags: 0
  m_PrefabParentObject: {fileID: 100022, guid: 951665d44c6a342d2bd5137e77c20102, type: 2}
  m_PrefabInternal: {fileID: 472605398}
  serializedVersion: 4
  m_Component:
  - 224: {fileID: 220634340}
  - 222: {fileID: 220634342}
  - 114: {fileID: 220634341}
  m_Layer: 5
  m_Name: L100
  m_TagString: Untagged
  m_Icon: {fileID: 0}
  m_NavMeshLayer: 0
  m_StaticEditorFlags: 0
  m_IsActive: 1
--- !u!224 &220634340
RectTransform:
  m_ObjectHideFlags: 0
  m_PrefabParentObject: {fileID: 22400022, guid: 951665d44c6a342d2bd5137e77c20102,
    type: 2}
  m_PrefabInternal: {fileID: 472605398}
  m_GameObject: {fileID: 220634339}
  m_LocalRotation: {x: 0, y: 0, z: 0, w: 1}
  m_LocalPosition: {x: 0, y: 0, z: 0}
  m_LocalScale: {x: 1, y: 1, z: 1}
  m_Children: []
  m_Father: {fileID: 1633509252}
  m_RootOrder: 3
  m_AnchorMin: {x: .5, y: .5}
  m_AnchorMax: {x: .5, y: .5}
  m_AnchoredPosition: {x: -7, y: 1}
  m_SizeDelta: {x: 324, y: 324}
  m_Pivot: {x: .5, y: .5}
--- !u!114 &220634341
MonoBehaviour:
  m_ObjectHideFlags: 0
  m_PrefabParentObject: {fileID: 11400024, guid: 951665d44c6a342d2bd5137e77c20102,
    type: 2}
  m_PrefabInternal: {fileID: 472605398}
  m_GameObject: {fileID: 220634339}
  m_Enabled: 1
  m_EditorHideFlags: 0
  m_Script: {fileID: -765806418, guid: f5f67c52d1564df4a8936ccd202a3bd8, type: 3}
  m_Name: 
  m_EditorClassIdentifier: 
  m_Material: {fileID: 0}
  m_Color: {r: 1, g: 1, b: 1, a: 1}
  m_Sprite: {fileID: 21300000, guid: 7e5b195226ce048f18f5571baa4612f2, type: 3}
  m_Type: 0
  m_PreserveAspect: 0
  m_FillCenter: 1
  m_FillMethod: 4
  m_FillAmount: 1
  m_FillClockwise: 1
  m_FillOrigin: 0
--- !u!222 &220634342
CanvasRenderer:
  m_ObjectHideFlags: 0
  m_PrefabParentObject: {fileID: 22200016, guid: 951665d44c6a342d2bd5137e77c20102,
    type: 2}
  m_PrefabInternal: {fileID: 472605398}
  m_GameObject: {fileID: 220634339}
--- !u!1 &396185574
GameObject:
  m_ObjectHideFlags: 0
  m_PrefabParentObject: {fileID: 100014, guid: 951665d44c6a342d2bd5137e77c20102, type: 2}
  m_PrefabInternal: {fileID: 472605398}
  serializedVersion: 4
  m_Component:
  - 224: {fileID: 396185577}
  - 222: {fileID: 396185576}
  - 114: {fileID: 396185575}
  m_Layer: 5
  m_Name: Subtitle
  m_TagString: Untagged
  m_Icon: {fileID: 0}
  m_NavMeshLayer: 0
  m_StaticEditorFlags: 0
  m_IsActive: 1
--- !u!114 &396185575
MonoBehaviour:
  m_ObjectHideFlags: 0
  m_PrefabParentObject: {fileID: 11400014, guid: 951665d44c6a342d2bd5137e77c20102,
    type: 2}
  m_PrefabInternal: {fileID: 472605398}
  m_GameObject: {fileID: 396185574}
  m_Enabled: 1
  m_EditorHideFlags: 0
  m_Script: {fileID: 708705254, guid: f5f67c52d1564df4a8936ccd202a3bd8, type: 3}
  m_Name: 
  m_EditorClassIdentifier: 
  m_Material: {fileID: 0}
  m_Color: {r: 1, g: 1, b: 1, a: 1}
  m_FontData:
    m_Font: {fileID: 12800000, guid: 02e0e44404cb84c8ba8a25d0153eaa24, type: 3}
    m_FontSize: 20
    m_FontStyle: 0
    m_BestFit: 0
    m_MinSize: 10
    m_MaxSize: 40
    m_Alignment: 4
    m_RichText: 1
    m_HorizontalOverflow: 0
    m_VerticalOverflow: 0
    m_LineSpacing: 1
  m_Text: 
--- !u!222 &396185576
CanvasRenderer:
  m_ObjectHideFlags: 0
  m_PrefabParentObject: {fileID: 22200010, guid: 951665d44c6a342d2bd5137e77c20102,
    type: 2}
  m_PrefabInternal: {fileID: 472605398}
  m_GameObject: {fileID: 396185574}
--- !u!224 &396185577
RectTransform:
  m_ObjectHideFlags: 0
  m_PrefabParentObject: {fileID: 22400014, guid: 951665d44c6a342d2bd5137e77c20102,
    type: 2}
  m_PrefabInternal: {fileID: 472605398}
  m_GameObject: {fileID: 396185574}
  m_LocalRotation: {x: 0, y: 0, z: 0, w: 1}
  m_LocalPosition: {x: 0, y: 0, z: 0}
  m_LocalScale: {x: 1, y: 1, z: 1}
  m_Children: []
  m_Father: {fileID: 138021277}
  m_RootOrder: 0
  m_AnchorMin: {x: 0, y: 0}
  m_AnchorMax: {x: 1, y: 1}
  m_AnchoredPosition: {x: -3.05175781e-05, y: 4.88624573}
  m_SizeDelta: {x: -33.000061, y: -10.2274971}
  m_Pivot: {x: .5, y: .5}
--- !u!1001 &472605398
Prefab:
  m_ObjectHideFlags: 0
  serializedVersion: 2
  m_Modification:
    m_TransformParent: {fileID: 0}
    m_Modifications:
    - target: {fileID: 22400020, guid: 951665d44c6a342d2bd5137e77c20102, type: 2}
      propertyPath: m_LocalPosition.x
      value: 0
      objectReference: {fileID: 0}
    - target: {fileID: 22400020, guid: 951665d44c6a342d2bd5137e77c20102, type: 2}
      propertyPath: m_LocalPosition.y
      value: 0
      objectReference: {fileID: 0}
    - target: {fileID: 22400020, guid: 951665d44c6a342d2bd5137e77c20102, type: 2}
      propertyPath: m_LocalPosition.z
      value: 0
      objectReference: {fileID: 0}
    - target: {fileID: 22400020, guid: 951665d44c6a342d2bd5137e77c20102, type: 2}
      propertyPath: m_LocalRotation.x
      value: 0
      objectReference: {fileID: 0}
    - target: {fileID: 22400020, guid: 951665d44c6a342d2bd5137e77c20102, type: 2}
      propertyPath: m_LocalRotation.y
      value: 0
      objectReference: {fileID: 0}
    - target: {fileID: 22400020, guid: 951665d44c6a342d2bd5137e77c20102, type: 2}
      propertyPath: m_LocalRotation.z
      value: 0
      objectReference: {fileID: 0}
    - target: {fileID: 22400020, guid: 951665d44c6a342d2bd5137e77c20102, type: 2}
      propertyPath: m_LocalRotation.w
      value: 1
      objectReference: {fileID: 0}
    - target: {fileID: 22400020, guid: 951665d44c6a342d2bd5137e77c20102, type: 2}
      propertyPath: m_RootOrder
      value: 2
      objectReference: {fileID: 0}
    - target: {fileID: 22400020, guid: 951665d44c6a342d2bd5137e77c20102, type: 2}
      propertyPath: m_AnchoredPosition.x
      value: 0
      objectReference: {fileID: 0}
    - target: {fileID: 22400020, guid: 951665d44c6a342d2bd5137e77c20102, type: 2}
      propertyPath: m_AnchoredPosition.y
      value: 0
      objectReference: {fileID: 0}
    - target: {fileID: 22400020, guid: 951665d44c6a342d2bd5137e77c20102, type: 2}
      propertyPath: m_SizeDelta.x
      value: 0
      objectReference: {fileID: 0}
    - target: {fileID: 22400020, guid: 951665d44c6a342d2bd5137e77c20102, type: 2}
      propertyPath: m_SizeDelta.y
      value: 0
      objectReference: {fileID: 0}
    - target: {fileID: 22400020, guid: 951665d44c6a342d2bd5137e77c20102, type: 2}
      propertyPath: m_AnchorMin.x
      value: 0
      objectReference: {fileID: 0}
    - target: {fileID: 22400020, guid: 951665d44c6a342d2bd5137e77c20102, type: 2}
      propertyPath: m_AnchorMin.y
      value: 0
      objectReference: {fileID: 0}
    - target: {fileID: 22400020, guid: 951665d44c6a342d2bd5137e77c20102, type: 2}
      propertyPath: m_AnchorMax.x
      value: 0
      objectReference: {fileID: 0}
    - target: {fileID: 22400020, guid: 951665d44c6a342d2bd5137e77c20102, type: 2}
      propertyPath: m_AnchorMax.y
      value: 0
      objectReference: {fileID: 0}
    - target: {fileID: 22400020, guid: 951665d44c6a342d2bd5137e77c20102, type: 2}
      propertyPath: m_Pivot.x
      value: 0
      objectReference: {fileID: 0}
    - target: {fileID: 22400020, guid: 951665d44c6a342d2bd5137e77c20102, type: 2}
      propertyPath: m_Pivot.y
      value: 0
      objectReference: {fileID: 0}
    - target: {fileID: 100024, guid: 951665d44c6a342d2bd5137e77c20102, type: 2}
      propertyPath: m_IsActive
      value: 0
      objectReference: {fileID: 0}
    - target: {fileID: 100020, guid: 951665d44c6a342d2bd5137e77c20102, type: 2}
      propertyPath: m_IsActive
      value: 1
      objectReference: {fileID: 0}
    - target: {fileID: 100018, guid: 951665d44c6a342d2bd5137e77c20102, type: 2}
      propertyPath: m_IsActive
      value: 1
      objectReference: {fileID: 0}
    - target: {fileID: 11400014, guid: 951665d44c6a342d2bd5137e77c20102, type: 2}
      propertyPath: m_Text
      value: 
      objectReference: {fileID: 0}
    - target: {fileID: 100014, guid: 951665d44c6a342d2bd5137e77c20102, type: 2}
      propertyPath: m_IsActive
      value: 1
      objectReference: {fileID: 0}
    - target: {fileID: 22400018, guid: 951665d44c6a342d2bd5137e77c20102, type: 2}
      propertyPath: m_RootOrder
      value: 4
      objectReference: {fileID: 0}
    - target: {fileID: 22400024, guid: 951665d44c6a342d2bd5137e77c20102, type: 2}
      propertyPath: m_RootOrder
      value: 2
      objectReference: {fileID: 0}
    - target: {fileID: 22400012, guid: 951665d44c6a342d2bd5137e77c20102, type: 2}
      propertyPath: m_RootOrder
      value: 1
      objectReference: {fileID: 0}
    - target: {fileID: 22400008, guid: 951665d44c6a342d2bd5137e77c20102, type: 2}
      propertyPath: m_RootOrder
      value: 0
      objectReference: {fileID: 0}
    - target: {fileID: 11400018, guid: 951665d44c6a342d2bd5137e77c20102, type: 2}
      propertyPath: m_Color.a
      value: 1
      objectReference: {fileID: 0}
    - target: {fileID: 100018, guid: 951665d44c6a342d2bd5137e77c20102, type: 2}
      propertyPath: m_Name
      value: dialog
      objectReference: {fileID: 0}
    - target: {fileID: 11400014, guid: 951665d44c6a342d2bd5137e77c20102, type: 2}
      propertyPath: m_FontData.m_Font
      value: 
      objectReference: {fileID: 12800000, guid: 02e0e44404cb84c8ba8a25d0153eaa24,
        type: 3}
    m_RemovedComponents: []
  m_ParentPrefab: {fileID: 100100000, guid: 951665d44c6a342d2bd5137e77c20102, type: 2}
  m_RootGameObject: {fileID: 1499077526}
  m_IsPrefabParent: 0
  m_IsExploded: 1
--- !u!1 &815863440
GameObject:
  m_ObjectHideFlags: 0
  m_PrefabParentObject: {fileID: 100026, guid: 951665d44c6a342d2bd5137e77c20102, type: 2}
  m_PrefabInternal: {fileID: 472605398}
  serializedVersion: 4
  m_Component:
  - 224: {fileID: 815863441}
  - 222: {fileID: 815863443}
  - 114: {fileID: 815863442}
  m_Layer: 5
  m_Name: Text
  m_TagString: Untagged
  m_Icon: {fileID: 0}
  m_NavMeshLayer: 0
  m_StaticEditorFlags: 0
  m_IsActive: 1
--- !u!224 &815863441
RectTransform:
  m_ObjectHideFlags: 0
  m_PrefabParentObject: {fileID: 22400026, guid: 951665d44c6a342d2bd5137e77c20102,
    type: 2}
  m_PrefabInternal: {fileID: 472605398}
  m_GameObject: {fileID: 815863440}
  m_LocalRotation: {x: 0, y: 0, z: 0, w: 1}
  m_LocalPosition: {x: 0, y: 0, z: 0}
  m_LocalScale: {x: 1, y: 1, z: 1}
  m_Children: []
  m_Father: {fileID: 1315215585}
  m_RootOrder: 0
  m_AnchorMin: {x: 0, y: 0}
  m_AnchorMax: {x: 1, y: 1}
  m_AnchoredPosition: {x: 0, y: 0}
  m_SizeDelta: {x: 0, y: 0}
  m_Pivot: {x: .5, y: .5}
--- !u!114 &815863442
MonoBehaviour:
  m_ObjectHideFlags: 0
  m_PrefabParentObject: {fileID: 11400028, guid: 951665d44c6a342d2bd5137e77c20102,
    type: 2}
  m_PrefabInternal: {fileID: 472605398}
  m_GameObject: {fileID: 815863440}
  m_Enabled: 1
  m_EditorHideFlags: 0
  m_Script: {fileID: 708705254, guid: f5f67c52d1564df4a8936ccd202a3bd8, type: 3}
  m_Name: 
  m_EditorClassIdentifier: 
  m_Material: {fileID: 0}
  m_Color: {r: .195999995, g: .195999995, b: .195999995, a: 1}
  m_FontData:
    m_Font: {fileID: 10102, guid: 0000000000000000e000000000000000, type: 0}
    m_FontSize: 14
    m_FontStyle: 0
    m_BestFit: 0
    m_MinSize: 10
    m_MaxSize: 40
    m_Alignment: 4
    m_RichText: 1
    m_HorizontalOverflow: 0
    m_VerticalOverflow: 0
    m_LineSpacing: 1
  m_Text: 'TestDialogue

'
--- !u!222 &815863443
CanvasRenderer:
  m_ObjectHideFlags: 0
  m_PrefabParentObject: {fileID: 22200020, guid: 951665d44c6a342d2bd5137e77c20102,
    type: 2}
  m_PrefabInternal: {fileID: 472605398}
  m_GameObject: {fileID: 815863440}
--- !u!1 &986100794
GameObject:
  m_ObjectHideFlags: 0
  m_PrefabParentObject: {fileID: 0}
  m_PrefabInternal: {fileID: 0}
  serializedVersion: 4
  m_Component:
  - 224: {fileID: 986100795}
  - 222: {fileID: 986100799}
  - 114: {fileID: 986100798}
  - 114: {fileID: 986100797}
  - 114: {fileID: 986100800}
  m_Layer: 5
  m_Name: win
  m_TagString: Untagged
  m_Icon: {fileID: 0}
  m_NavMeshLayer: 0
  m_StaticEditorFlags: 0
  m_IsActive: 1
--- !u!224 &986100795
RectTransform:
  m_ObjectHideFlags: 0
  m_PrefabParentObject: {fileID: 0}
  m_PrefabInternal: {fileID: 0}
  m_GameObject: {fileID: 986100794}
  m_LocalRotation: {x: 0, y: 0, z: 0, w: 1}
  m_LocalPosition: {x: 0, y: 0, z: 0}
  m_LocalScale: {x: 1, y: 1, z: 1}
  m_Children:
  - {fileID: 1554757449}
  m_Father: {fileID: 1499077527}
  m_RootOrder: 3
  m_AnchorMin: {x: 0, y: 0}
  m_AnchorMax: {x: 1, y: 1}
  m_AnchoredPosition: {x: 8, y: -1}
  m_SizeDelta: {x: 64, y: 39}
  m_Pivot: {x: .5, y: .5}
--- !u!114 &986100797
MonoBehaviour:
  m_ObjectHideFlags: 0
  m_PrefabParentObject: {fileID: 0}
  m_PrefabInternal: {fileID: 0}
  m_GameObject: {fileID: 986100794}
  m_Enabled: 1
  m_EditorHideFlags: 0
  m_Script: {fileID: 11500000, guid: 16d402bb02235f14a88c998ead0c99f3, type: 3}
  m_Name: 
  m_EditorClassIdentifier: 
  wait: 3
  dialog: {fileID: 8300000, guid: 4614f3110d6a14697a92fdc5ff64d94b, type: 3}
--- !u!114 &986100798
MonoBehaviour:
  m_ObjectHideFlags: 0
  m_PrefabParentObject: {fileID: 0}
  m_PrefabInternal: {fileID: 0}
  m_GameObject: {fileID: 986100794}
  m_Enabled: 1
  m_EditorHideFlags: 0
  m_Script: {fileID: -765806418, guid: f5f67c52d1564df4a8936ccd202a3bd8, type: 3}
  m_Name: 
  m_EditorClassIdentifier: 
  m_Material: {fileID: 0}
  m_Color: {r: 0, g: 0, b: 0, a: 1}
  m_Sprite: {fileID: 10907, guid: 0000000000000000f000000000000000, type: 0}
  m_Type: 1
  m_PreserveAspect: 0
  m_FillCenter: 1
  m_FillMethod: 4
  m_FillAmount: 1
  m_FillClockwise: 1
  m_FillOrigin: 0
--- !u!222 &986100799
CanvasRenderer:
  m_ObjectHideFlags: 0
  m_PrefabParentObject: {fileID: 0}
  m_PrefabInternal: {fileID: 0}
  m_GameObject: {fileID: 986100794}
--- !u!114 &986100800
MonoBehaviour:
  m_ObjectHideFlags: 0
  m_PrefabParentObject: {fileID: 0}
  m_PrefabInternal: {fileID: 0}
  m_GameObject: {fileID: 986100794}
  m_Enabled: 1
  m_EditorHideFlags: 0
  m_Script: {fileID: 11500000, guid: 4f0a18d99944f448fafa20127d965c71, type: 3}
  m_Name: 
  m_EditorClassIdentifier: 
  wait: 15
  level: Final
--- !u!1 &1086559555
GameObject:
  m_ObjectHideFlags: 0
  m_PrefabParentObject: {fileID: 100000, guid: 951665d44c6a342d2bd5137e77c20102, type: 2}
  m_PrefabInternal: {fileID: 472605398}
  serializedVersion: 4
  m_Component:
  - 224: {fileID: 1086559556}
  - 222: {fileID: 1086559558}
  - 114: {fileID: 1086559557}
  m_Layer: 5
  m_Name: L75
  m_TagString: Untagged
  m_Icon: {fileID: 0}
  m_NavMeshLayer: 0
  m_StaticEditorFlags: 0
  m_IsActive: 1
--- !u!224 &1086559556
RectTransform:
  m_ObjectHideFlags: 0
  m_PrefabParentObject: {fileID: 22400000, guid: 951665d44c6a342d2bd5137e77c20102,
    type: 2}
  m_PrefabInternal: {fileID: 472605398}
  m_GameObject: {fileID: 1086559555}
  m_LocalRotation: {x: 0, y: 0, z: 0, w: 1}
  m_LocalPosition: {x: 0, y: 0, z: 0}
  m_LocalScale: {x: 1, y: 1, z: 1}
  m_Children: []
  m_Father: {fileID: 1633509252}
  m_RootOrder: 2
  m_AnchorMin: {x: .5, y: .5}
  m_AnchorMax: {x: .5, y: .5}
  m_AnchoredPosition: {x: -7, y: 1}
  m_SizeDelta: {x: 324, y: 324}
  m_Pivot: {x: .5, y: .5}
--- !u!114 &1086559557
MonoBehaviour:
  m_ObjectHideFlags: 0
  m_PrefabParentObject: {fileID: 11400000, guid: 951665d44c6a342d2bd5137e77c20102,
    type: 2}
  m_PrefabInternal: {fileID: 472605398}
  m_GameObject: {fileID: 1086559555}
  m_Enabled: 1
  m_EditorHideFlags: 0
  m_Script: {fileID: -765806418, guid: f5f67c52d1564df4a8936ccd202a3bd8, type: 3}
  m_Name: 
  m_EditorClassIdentifier: 
  m_Material: {fileID: 0}
  m_Color: {r: 1, g: 1, b: 1, a: 1}
  m_Sprite: {fileID: 21300000, guid: 5c13045af0193499ba9e8d1ff7c6a377, type: 3}
  m_Type: 0
  m_PreserveAspect: 0
  m_FillCenter: 1
  m_FillMethod: 4
  m_FillAmount: 1
  m_FillClockwise: 1
  m_FillOrigin: 0
--- !u!222 &1086559558
CanvasRenderer:
  m_ObjectHideFlags: 0
  m_PrefabParentObject: {fileID: 22200000, guid: 951665d44c6a342d2bd5137e77c20102,
    type: 2}
  m_PrefabInternal: {fileID: 472605398}
  m_GameObject: {fileID: 1086559555}
--- !u!1 &1114005387
GameObject:
  m_ObjectHideFlags: 0
  m_PrefabParentObject: {fileID: 100000, guid: 750af23bb21ff40a7a364a06ad87816b, type: 2}
  m_PrefabInternal: {fileID: 1596167235}
  serializedVersion: 4
  m_Component:
  - 224: {fileID: 1114005390}
  - 114: {fileID: 1114005389}
  m_Layer: 5
  m_Name: DialogueManager
  m_TagString: Untagged
  m_Icon: {fileID: 0}
  m_NavMeshLayer: 0
  m_StaticEditorFlags: 0
  m_IsActive: 1
--- !u!114 &1114005389
MonoBehaviour:
  m_ObjectHideFlags: 0
  m_PrefabParentObject: {fileID: 11400000, guid: 750af23bb21ff40a7a364a06ad87816b,
    type: 2}
  m_PrefabInternal: {fileID: 1596167235}
  m_GameObject: {fileID: 1114005387}
  m_Enabled: 1
  m_EditorHideFlags: 0
  m_Script: {fileID: 11500000, guid: f3af0a4f8a5ac4ba99ae18569c0210af, type: 3}
  m_Name: 
  m_EditorClassIdentifier: 
  subtitleObj: {fileID: 138021276}
  subtitleObjTxt: {fileID: 396185574}
  subtitleTextComponent: {fileID: 0}
--- !u!224 &1114005390
RectTransform:
  m_ObjectHideFlags: 0
  m_PrefabParentObject: {fileID: 22400000, guid: 750af23bb21ff40a7a364a06ad87816b,
    type: 2}
  m_PrefabInternal: {fileID: 1596167235}
  m_GameObject: {fileID: 1114005387}
  m_LocalRotation: {x: 0, y: 0, z: 0, w: 1}
  m_LocalPosition: {x: 0, y: 0, z: 0}
  m_LocalScale: {x: 1, y: 1, z: 1}
  m_Children: []
  m_Father: {fileID: 0}
  m_RootOrder: 3
  m_AnchorMin: {x: .5, y: .5}
  m_AnchorMax: {x: .5, y: .5}
  m_AnchoredPosition: {x: 360.554016, y: 35.5209961}
  m_SizeDelta: {x: 100, y: 100}
  m_Pivot: {x: .5, y: .5}
--- !u!1 &1273592570
GameObject:
  m_ObjectHideFlags: 0
  m_PrefabParentObject: {fileID: 100012, guid: 951665d44c6a342d2bd5137e77c20102, type: 2}
  m_PrefabInternal: {fileID: 472605398}
  serializedVersion: 4
  m_Component:
  - 224: {fileID: 1273592571}
  m_Layer: 5
  m_Name: Debug
  m_TagString: Untagged
  m_Icon: {fileID: 0}
  m_NavMeshLayer: 0
  m_StaticEditorFlags: 0
  m_IsActive: 0
--- !u!224 &1273592571
RectTransform:
  m_ObjectHideFlags: 0
  m_PrefabParentObject: {fileID: 22400012, guid: 951665d44c6a342d2bd5137e77c20102,
    type: 2}
  m_PrefabInternal: {fileID: 472605398}
  m_GameObject: {fileID: 1273592570}
  m_LocalRotation: {x: 0, y: 0, z: 0, w: 1}
  m_LocalPosition: {x: 0, y: 0, z: 0}
  m_LocalScale: {x: 1, y: 1, z: 1}
  m_Children:
  - {fileID: 2028867166}
  - {fileID: 134515917}
  - {fileID: 1315215585}
  m_Father: {fileID: 1499077527}
  m_RootOrder: 1
  m_AnchorMin: {x: .5, y: .5}
  m_AnchorMax: {x: .5, y: .5}
  m_AnchoredPosition: {x: 260.630005, y: -50.6279984}
  m_SizeDelta: {x: 135.259995, y: 135.259995}
  m_Pivot: {x: .5, y: .5}
--- !u!1 &1315215584
GameObject:
  m_ObjectHideFlags: 0
  m_PrefabParentObject: {fileID: 100004, guid: 951665d44c6a342d2bd5137e77c20102, type: 2}
  m_PrefabInternal: {fileID: 472605398}
  serializedVersion: 4
  m_Component:
  - 224: {fileID: 1315215585}
  - 222: {fileID: 1315215588}
  - 114: {fileID: 1315215587}
  - 114: {fileID: 1315215586}
  m_Layer: 5
  m_Name: TestDialogue
  m_TagString: Untagged
  m_Icon: {fileID: 0}
  m_NavMeshLayer: 0
  m_StaticEditorFlags: 0
  m_IsActive: 1
--- !u!224 &1315215585
RectTransform:
  m_ObjectHideFlags: 0
  m_PrefabParentObject: {fileID: 22400004, guid: 951665d44c6a342d2bd5137e77c20102,
    type: 2}
  m_PrefabInternal: {fileID: 472605398}
  m_GameObject: {fileID: 1315215584}
  m_LocalRotation: {x: 0, y: 0, z: 0, w: 1}
  m_LocalPosition: {x: 0, y: 0, z: 0}
  m_LocalScale: {x: 1, y: 1, z: 1}
  m_Children:
  - {fileID: 815863441}
  m_Father: {fileID: 1273592571}
  m_RootOrder: 2
  m_AnchorMin: {x: .5, y: .5}
  m_AnchorMax: {x: .5, y: .5}
  m_AnchoredPosition: {x: 0, y: -42.4000015}
  m_SizeDelta: {x: 160, y: 30}
  m_Pivot: {x: .5, y: .5}
--- !u!114 &1315215586
MonoBehaviour:
  m_ObjectHideFlags: 0
  m_PrefabParentObject: {fileID: 11400004, guid: 951665d44c6a342d2bd5137e77c20102,
    type: 2}
  m_PrefabInternal: {fileID: 472605398}
  m_GameObject: {fileID: 1315215584}
  m_Enabled: 1
  m_EditorHideFlags: 0
  m_Script: {fileID: 1392445389, guid: f5f67c52d1564df4a8936ccd202a3bd8, type: 3}
  m_Name: 
  m_EditorClassIdentifier: 
  m_Navigation:
    m_Mode: 3
    m_SelectOnUp: {fileID: 0}
    m_SelectOnDown: {fileID: 0}
    m_SelectOnLeft: {fileID: 0}
    m_SelectOnRight: {fileID: 0}
  m_Transition: 1
  m_Colors:
    m_NormalColor: {r: 1, g: 1, b: 1, a: 1}
    m_HighlightedColor: {r: .960784316, g: .960784316, b: .960784316, a: 1}
    m_PressedColor: {r: .784313738, g: .784313738, b: .784313738, a: 1}
    m_DisabledColor: {r: .784313738, g: .784313738, b: .784313738, a: .501960814}
    m_ColorMultiplier: 1
    m_FadeDuration: .100000001
  m_SpriteState:
    m_HighlightedSprite: {fileID: 0}
    m_PressedSprite: {fileID: 0}
    m_DisabledSprite: {fileID: 0}
  m_AnimationTriggers:
    m_NormalTrigger: Normal
    m_HighlightedTrigger: Highlighted
    m_PressedTrigger: Pressed
    m_DisabledTrigger: Disabled
  m_Interactable: 1
  m_TargetGraphic: {fileID: 1315215587}
  m_OnClick:
    m_PersistentCalls:
      m_Calls:
      - m_Target: {fileID: 0}
        m_MethodName: startTestDialogue
        m_Mode: 1
        m_Arguments:
          m_ObjectArgument: {fileID: 0}
          m_ObjectArgumentAssemblyTypeName: UnityEngine.Object, UnityEngine, Version=0.0.0.0,
            Culture=neutral, PublicKeyToken=null
          m_IntArgument: 0
          m_FloatArgument: 0
          m_StringArgument: 
          m_BoolArgument: 0
        m_CallState: 2
    m_TypeName: UnityEngine.UI.Button+ButtonClickedEvent, UnityEngine.UI, Version=1.0.0.0,
      Culture=neutral, PublicKeyToken=null
--- !u!114 &1315215587
MonoBehaviour:
  m_ObjectHideFlags: 0
  m_PrefabParentObject: {fileID: 11400006, guid: 951665d44c6a342d2bd5137e77c20102,
    type: 2}
  m_PrefabInternal: {fileID: 472605398}
  m_GameObject: {fileID: 1315215584}
  m_Enabled: 1
  m_EditorHideFlags: 0
  m_Script: {fileID: -765806418, guid: f5f67c52d1564df4a8936ccd202a3bd8, type: 3}
  m_Name: 
  m_EditorClassIdentifier: 
  m_Material: {fileID: 0}
  m_Color: {r: 1, g: 1, b: 1, a: 1}
  m_Sprite: {fileID: 10905, guid: 0000000000000000f000000000000000, type: 0}
  m_Type: 1
  m_PreserveAspect: 0
  m_FillCenter: 1
  m_FillMethod: 4
  m_FillAmount: 1
  m_FillClockwise: 1
  m_FillOrigin: 0
--- !u!222 &1315215588
CanvasRenderer:
  m_ObjectHideFlags: 0
  m_PrefabParentObject: {fileID: 22200004, guid: 951665d44c6a342d2bd5137e77c20102,
    type: 2}
  m_PrefabInternal: {fileID: 472605398}
  m_GameObject: {fileID: 1315215584}
--- !u!1 &1418722389
GameObject:
  m_ObjectHideFlags: 0
  m_PrefabParentObject: {fileID: 100002, guid: 951665d44c6a342d2bd5137e77c20102, type: 2}
  m_PrefabInternal: {fileID: 472605398}
  serializedVersion: 4
  m_Component:
  - 224: {fileID: 1418722390}
  - 222: {fileID: 1418722392}
  - 114: {fileID: 1418722391}
  m_Layer: 5
  m_Name: Text
  m_TagString: Untagged
  m_Icon: {fileID: 0}
  m_NavMeshLayer: 0
  m_StaticEditorFlags: 0
  m_IsActive: 1
--- !u!224 &1418722390
RectTransform:
  m_ObjectHideFlags: 0
  m_PrefabParentObject: {fileID: 22400002, guid: 951665d44c6a342d2bd5137e77c20102,
    type: 2}
  m_PrefabInternal: {fileID: 472605398}
  m_GameObject: {fileID: 1418722389}
  m_LocalRotation: {x: 0, y: 0, z: 0, w: 1}
  m_LocalPosition: {x: 0, y: 0, z: 0}
  m_LocalScale: {x: 1, y: 1, z: 1}
  m_Children: []
  m_Father: {fileID: 2028867166}
  m_RootOrder: 0
  m_AnchorMin: {x: 0, y: 0}
  m_AnchorMax: {x: 1, y: 1}
  m_AnchoredPosition: {x: 0, y: 0}
  m_SizeDelta: {x: 0, y: 0}
  m_Pivot: {x: .5, y: .5}
--- !u!114 &1418722391
MonoBehaviour:
  m_ObjectHideFlags: 0
  m_PrefabParentObject: {fileID: 11400002, guid: 951665d44c6a342d2bd5137e77c20102,
    type: 2}
  m_PrefabInternal: {fileID: 472605398}
  m_GameObject: {fileID: 1418722389}
  m_Enabled: 1
  m_EditorHideFlags: 0
  m_Script: {fileID: 708705254, guid: f5f67c52d1564df4a8936ccd202a3bd8, type: 3}
  m_Name: 
  m_EditorClassIdentifier: 
  m_Material: {fileID: 0}
  m_Color: {r: .195999995, g: .195999995, b: .195999995, a: 1}
  m_FontData:
    m_Font: {fileID: 10102, guid: 0000000000000000e000000000000000, type: 0}
    m_FontSize: 14
    m_FontStyle: 0
    m_BestFit: 0
    m_MinSize: 10
    m_MaxSize: 40
    m_Alignment: 4
    m_RichText: 1
    m_HorizontalOverflow: 0
    m_VerticalOverflow: 0
    m_LineSpacing: 1
  m_Text: Button
--- !u!222 &1418722392
CanvasRenderer:
  m_ObjectHideFlags: 0
  m_PrefabParentObject: {fileID: 22200002, guid: 951665d44c6a342d2bd5137e77c20102,
    type: 2}
  m_PrefabInternal: {fileID: 472605398}
  m_GameObject: {fileID: 1418722389}
--- !u!1 &1470577177
GameObject:
  m_ObjectHideFlags: 0
  m_PrefabParentObject: {fileID: 0}
  m_PrefabInternal: {fileID: 0}
  serializedVersion: 4
  m_Component:
  - 4: {fileID: 1470577181}
  - 114: {fileID: 1470577180}
  - 114: {fileID: 1470577179}
  - 114: {fileID: 1470577178}
  m_Layer: 0
  m_Name: EventSystem
  m_TagString: Untagged
  m_Icon: {fileID: 0}
  m_NavMeshLayer: 0
  m_StaticEditorFlags: 0
  m_IsActive: 1
--- !u!114 &1470577178
MonoBehaviour:
  m_ObjectHideFlags: 0
  m_PrefabParentObject: {fileID: 0}
  m_PrefabInternal: {fileID: 0}
  m_GameObject: {fileID: 1470577177}
  m_Enabled: 1
  m_EditorHideFlags: 0
  m_Script: {fileID: 1997211142, guid: f5f67c52d1564df4a8936ccd202a3bd8, type: 3}
  m_Name: 
  m_EditorClassIdentifier: 
  m_AllowActivationOnStandalone: 0
--- !u!114 &1470577179
MonoBehaviour:
  m_ObjectHideFlags: 0
  m_PrefabParentObject: {fileID: 0}
  m_PrefabInternal: {fileID: 0}
  m_GameObject: {fileID: 1470577177}
  m_Enabled: 1
  m_EditorHideFlags: 0
  m_Script: {fileID: 1077351063, guid: f5f67c52d1564df4a8936ccd202a3bd8, type: 3}
  m_Name: 
  m_EditorClassIdentifier: 
  m_HorizontalAxis: Horizontal
  m_VerticalAxis: Vertical
  m_SubmitButton: Submit
  m_CancelButton: Cancel
  m_InputActionsPerSecond: 10
  m_AllowActivationOnMobileDevice: 0
--- !u!114 &1470577180
MonoBehaviour:
  m_ObjectHideFlags: 0
  m_PrefabParentObject: {fileID: 0}
  m_PrefabInternal: {fileID: 0}
  m_GameObject: {fileID: 1470577177}
  m_Enabled: 1
  m_EditorHideFlags: 0
  m_Script: {fileID: -619905303, guid: f5f67c52d1564df4a8936ccd202a3bd8, type: 3}
  m_Name: 
  m_EditorClassIdentifier: 
  m_FirstSelected: {fileID: 0}
  m_sendNavigationEvents: 1
  m_DragThreshold: 5
--- !u!4 &1470577181
Transform:
  m_ObjectHideFlags: 0
  m_PrefabParentObject: {fileID: 0}
  m_PrefabInternal: {fileID: 0}
  m_GameObject: {fileID: 1470577177}
  m_LocalRotation: {x: 0, y: 0, z: 0, w: 1}
  m_LocalPosition: {x: 0, y: 0, z: 0}
  m_LocalScale: {x: 1, y: 1, z: 1}
  m_Children: []
  m_Father: {fileID: 0}
  m_RootOrder: 1
--- !u!1 &1499077526
GameObject:
  m_ObjectHideFlags: 0
  m_PrefabParentObject: {fileID: 100020, guid: 951665d44c6a342d2bd5137e77c20102, type: 2}
  m_PrefabInternal: {fileID: 472605398}
  serializedVersion: 4
  m_Component:
  - 224: {fileID: 1499077527}
  - 223: {fileID: 1499077530}
  - 114: {fileID: 1499077529}
  - 114: {fileID: 1499077528}
  m_Layer: 5
  m_Name: HUDCanvas
  m_TagString: Untagged
  m_Icon: {fileID: 0}
  m_NavMeshLayer: 0
  m_StaticEditorFlags: 0
  m_IsActive: 1
--- !u!224 &1499077527
RectTransform:
  m_ObjectHideFlags: 0
  m_PrefabParentObject: {fileID: 22400020, guid: 951665d44c6a342d2bd5137e77c20102,
    type: 2}
  m_PrefabInternal: {fileID: 472605398}
  m_GameObject: {fileID: 1499077526}
  m_LocalRotation: {x: 0, y: 0, z: 0, w: 1}
  m_LocalPosition: {x: 0, y: 0, z: 0}
  m_LocalScale: {x: 0, y: 0, z: 0}
  m_Children:
  - {fileID: 1633509252}
  - {fileID: 1273592571}
  - {fileID: 183199953}
  - {fileID: 986100795}
  - {fileID: 138021277}
  m_Father: {fileID: 0}
  m_RootOrder: 2
  m_AnchorMin: {x: 0, y: 0}
  m_AnchorMax: {x: 0, y: 0}
  m_AnchoredPosition: {x: 0, y: 0}
  m_SizeDelta: {x: 0, y: 0}
  m_Pivot: {x: 0, y: 0}
--- !u!114 &1499077528
MonoBehaviour:
  m_ObjectHideFlags: 0
  m_PrefabParentObject: {fileID: 11400020, guid: 951665d44c6a342d2bd5137e77c20102,
    type: 2}
  m_PrefabInternal: {fileID: 472605398}
  m_GameObject: {fileID: 1499077526}
  m_Enabled: 1
  m_EditorHideFlags: 0
  m_Script: {fileID: 1301386320, guid: f5f67c52d1564df4a8936ccd202a3bd8, type: 3}
  m_Name: 
  m_EditorClassIdentifier: 
  ignoreReversedGraphics: 1
  blockingObjects: 0
  m_BlockingMask:
    serializedVersion: 2
    m_Bits: 4294967295
--- !u!114 &1499077529
MonoBehaviour:
  m_ObjectHideFlags: 0
  m_PrefabParentObject: {fileID: 11400022, guid: 951665d44c6a342d2bd5137e77c20102,
    type: 2}
  m_PrefabInternal: {fileID: 472605398}
  m_GameObject: {fileID: 1499077526}
  m_Enabled: 1
  m_EditorHideFlags: 0
  m_Script: {fileID: 1980459831, guid: f5f67c52d1564df4a8936ccd202a3bd8, type: 3}
  m_Name: 
  m_EditorClassIdentifier: 
  m_UiScaleMode: 0
  m_ReferencePixelsPerUnit: 100
  m_ScaleFactor: 1
  m_ReferenceResolution: {x: 800, y: 600}
  m_ScreenMatchMode: 0
  m_MatchWidthOrHeight: 0
  m_PhysicalUnit: 3
  m_FallbackScreenDPI: 96
  m_DefaultSpriteDPI: 96
  m_DynamicPixelsPerUnit: 1
--- !u!223 &1499077530
Canvas:
  m_ObjectHideFlags: 0
  m_PrefabParentObject: {fileID: 22300000, guid: 951665d44c6a342d2bd5137e77c20102,
    type: 2}
  m_PrefabInternal: {fileID: 472605398}
  m_GameObject: {fileID: 1499077526}
  m_Enabled: 1
  serializedVersion: 2
  m_RenderMode: 0
  m_Camera: {fileID: 0}
  m_PlaneDistance: 100
  m_PixelPerfect: 0
  m_ReceivesEvents: 1
  m_OverrideSorting: 0
  m_OverridePixelPerfect: 0
  m_SortingLayerID: 0
  m_SortingOrder: 0
--- !u!1 &1554757448
GameObject:
  m_ObjectHideFlags: 0
  m_PrefabParentObject: {fileID: 0}
  m_PrefabInternal: {fileID: 0}
  serializedVersion: 4
  m_Component:
  - 224: {fileID: 1554757449}
  - 222: {fileID: 1554757451}
  - 114: {fileID: 1554757450}
  m_Layer: 5
  m_Name: Image
  m_TagString: Untagged
  m_Icon: {fileID: 0}
  m_NavMeshLayer: 0
  m_StaticEditorFlags: 0
  m_IsActive: 1
--- !u!224 &1554757449
RectTransform:
  m_ObjectHideFlags: 0
  m_PrefabParentObject: {fileID: 0}
  m_PrefabInternal: {fileID: 0}
  m_GameObject: {fileID: 1554757448}
  m_LocalRotation: {x: 0, y: 0, z: 0, w: 1}
  m_LocalPosition: {x: 0, y: 0, z: 0}
  m_LocalScale: {x: .5, y: .5, z: 1}
  m_Children: []
  m_Father: {fileID: 986100795}
  m_RootOrder: 0
  m_AnchorMin: {x: .5, y: .5}
  m_AnchorMax: {x: .5, y: .5}
  m_AnchoredPosition: {x: 0, y: 0}
  m_SizeDelta: {x: 1024, y: 512}
  m_Pivot: {x: .5, y: .5}
--- !u!114 &1554757450
MonoBehaviour:
  m_ObjectHideFlags: 0
  m_PrefabParentObject: {fileID: 0}
  m_PrefabInternal: {fileID: 0}
  m_GameObject: {fileID: 1554757448}
  m_Enabled: 1
  m_EditorHideFlags: 0
  m_Script: {fileID: -765806418, guid: f5f67c52d1564df4a8936ccd202a3bd8, type: 3}
  m_Name: 
  m_EditorClassIdentifier: 
  m_Material: {fileID: 0}
  m_Color: {r: 0, g: 0, b: 0, a: 1}
  m_Sprite: {fileID: 0}
  m_Type: 0
  m_PreserveAspect: 1
  m_FillCenter: 1
  m_FillMethod: 4
  m_FillAmount: 1
  m_FillClockwise: 1
  m_FillOrigin: 0
--- !u!222 &1554757451
CanvasRenderer:
  m_ObjectHideFlags: 0
  m_PrefabParentObject: {fileID: 0}
  m_PrefabInternal: {fileID: 0}
  m_GameObject: {fileID: 1554757448}
--- !u!1001 &1596167235
Prefab:
  m_ObjectHideFlags: 0
  serializedVersion: 2
  m_Modification:
    m_TransformParent: {fileID: 0}
    m_Modifications:
    - target: {fileID: 22400000, guid: 750af23bb21ff40a7a364a06ad87816b, type: 2}
      propertyPath: m_LocalPosition.x
      value: 0
      objectReference: {fileID: 0}
    - target: {fileID: 22400000, guid: 750af23bb21ff40a7a364a06ad87816b, type: 2}
      propertyPath: m_LocalPosition.y
      value: 0
      objectReference: {fileID: 0}
    - target: {fileID: 22400000, guid: 750af23bb21ff40a7a364a06ad87816b, type: 2}
      propertyPath: m_LocalPosition.z
      value: 0
      objectReference: {fileID: 0}
    - target: {fileID: 22400000, guid: 750af23bb21ff40a7a364a06ad87816b, type: 2}
      propertyPath: m_LocalRotation.x
      value: 0
      objectReference: {fileID: 0}
    - target: {fileID: 22400000, guid: 750af23bb21ff40a7a364a06ad87816b, type: 2}
      propertyPath: m_LocalRotation.y
      value: 0
      objectReference: {fileID: 0}
    - target: {fileID: 22400000, guid: 750af23bb21ff40a7a364a06ad87816b, type: 2}
      propertyPath: m_LocalRotation.z
      value: 0
      objectReference: {fileID: 0}
    - target: {fileID: 22400000, guid: 750af23bb21ff40a7a364a06ad87816b, type: 2}
      propertyPath: m_LocalRotation.w
      value: 1
      objectReference: {fileID: 0}
    - target: {fileID: 22400000, guid: 750af23bb21ff40a7a364a06ad87816b, type: 2}
      propertyPath: m_RootOrder
      value: 3
      objectReference: {fileID: 0}
    - target: {fileID: 22400000, guid: 750af23bb21ff40a7a364a06ad87816b, type: 2}
      propertyPath: m_AnchoredPosition.x
      value: 360.554016
      objectReference: {fileID: 0}
    - target: {fileID: 22400000, guid: 750af23bb21ff40a7a364a06ad87816b, type: 2}
      propertyPath: m_AnchoredPosition.y
      value: 35.5209961
      objectReference: {fileID: 0}
    - target: {fileID: 22400000, guid: 750af23bb21ff40a7a364a06ad87816b, type: 2}
      propertyPath: m_SizeDelta.x
      value: 100
      objectReference: {fileID: 0}
    - target: {fileID: 22400000, guid: 750af23bb21ff40a7a364a06ad87816b, type: 2}
      propertyPath: m_SizeDelta.y
      value: 100
      objectReference: {fileID: 0}
    - target: {fileID: 22400000, guid: 750af23bb21ff40a7a364a06ad87816b, type: 2}
      propertyPath: m_AnchorMin.x
      value: .5
      objectReference: {fileID: 0}
    - target: {fileID: 22400000, guid: 750af23bb21ff40a7a364a06ad87816b, type: 2}
      propertyPath: m_AnchorMin.y
      value: .5
      objectReference: {fileID: 0}
    - target: {fileID: 22400000, guid: 750af23bb21ff40a7a364a06ad87816b, type: 2}
      propertyPath: m_AnchorMax.x
      value: .5
      objectReference: {fileID: 0}
    - target: {fileID: 22400000, guid: 750af23bb21ff40a7a364a06ad87816b, type: 2}
      propertyPath: m_AnchorMax.y
      value: .5
      objectReference: {fileID: 0}
    - target: {fileID: 22400000, guid: 750af23bb21ff40a7a364a06ad87816b, type: 2}
      propertyPath: m_Pivot.x
      value: .5
      objectReference: {fileID: 0}
    - target: {fileID: 22400000, guid: 750af23bb21ff40a7a364a06ad87816b, type: 2}
      propertyPath: m_Pivot.y
      value: .5
      objectReference: {fileID: 0}
    - target: {fileID: 11400000, guid: 750af23bb21ff40a7a364a06ad87816b, type: 2}
      propertyPath: subtitleObj
      value: 
      objectReference: {fileID: 138021276}
    - target: {fileID: 11400000, guid: 750af23bb21ff40a7a364a06ad87816b, type: 2}
      propertyPath: subtitleObjTxt
      value: 
      objectReference: {fileID: 396185574}
    m_RemovedComponents:
    - {fileID: 11400002, guid: 750af23bb21ff40a7a364a06ad87816b, type: 2}
  m_ParentPrefab: {fileID: 100100000, guid: 750af23bb21ff40a7a364a06ad87816b, type: 2}
  m_RootGameObject: {fileID: 1114005387}
  m_IsPrefabParent: 0
  m_IsExploded: 1
--- !u!1 &1612862197
GameObject:
  m_ObjectHideFlags: 0
  m_PrefabParentObject: {fileID: 100028, guid: 951665d44c6a342d2bd5137e77c20102, type: 2}
  m_PrefabInternal: {fileID: 472605398}
  serializedVersion: 4
  m_Component:
  - 224: {fileID: 1612862198}
  - 222: {fileID: 1612862200}
  - 114: {fileID: 1612862199}
  m_Layer: 5
  m_Name: L25
  m_TagString: Untagged
  m_Icon: {fileID: 0}
  m_NavMeshLayer: 0
  m_StaticEditorFlags: 0
  m_IsActive: 1
--- !u!224 &1612862198
RectTransform:
  m_ObjectHideFlags: 0
  m_PrefabParentObject: {fileID: 22400028, guid: 951665d44c6a342d2bd5137e77c20102,
    type: 2}
  m_PrefabInternal: {fileID: 472605398}
  m_GameObject: {fileID: 1612862197}
  m_LocalRotation: {x: 0, y: 0, z: 0, w: 1}
  m_LocalPosition: {x: 0, y: 0, z: 0}
  m_LocalScale: {x: 1, y: 1, z: 1}
  m_Children: []
  m_Father: {fileID: 1633509252}
  m_RootOrder: 0
  m_AnchorMin: {x: .5, y: .5}
  m_AnchorMax: {x: .5, y: .5}
  m_AnchoredPosition: {x: -7, y: 1}
  m_SizeDelta: {x: 324, y: 324}
  m_Pivot: {x: .5, y: .5}
--- !u!114 &1612862199
MonoBehaviour:
  m_ObjectHideFlags: 0
  m_PrefabParentObject: {fileID: 11400030, guid: 951665d44c6a342d2bd5137e77c20102,
    type: 2}
  m_PrefabInternal: {fileID: 472605398}
  m_GameObject: {fileID: 1612862197}
  m_Enabled: 1
  m_EditorHideFlags: 0
  m_Script: {fileID: -765806418, guid: f5f67c52d1564df4a8936ccd202a3bd8, type: 3}
  m_Name: 
  m_EditorClassIdentifier: 
  m_Material: {fileID: 0}
  m_Color: {r: 1, g: 1, b: 1, a: 1}
  m_Sprite: {fileID: 21300000, guid: dd5b75fb02f1546dda647989fa03773f, type: 3}
  m_Type: 0
  m_PreserveAspect: 1
  m_FillCenter: 1
  m_FillMethod: 4
  m_FillAmount: 1
  m_FillClockwise: 1
  m_FillOrigin: 0
--- !u!222 &1612862200
CanvasRenderer:
  m_ObjectHideFlags: 0
  m_PrefabParentObject: {fileID: 22200022, guid: 951665d44c6a342d2bd5137e77c20102,
    type: 2}
  m_PrefabInternal: {fileID: 472605398}
  m_GameObject: {fileID: 1612862197}
--- !u!1 &1633509251
GameObject:
  m_ObjectHideFlags: 0
  m_PrefabParentObject: {fileID: 100008, guid: 951665d44c6a342d2bd5137e77c20102, type: 2}
  m_PrefabInternal: {fileID: 472605398}
  serializedVersion: 4
  m_Component:
  - 224: {fileID: 1633509252}
  m_Layer: 5
  m_Name: LifeHUD
  m_TagString: Untagged
  m_Icon: {fileID: 0}
  m_NavMeshLayer: 0
  m_StaticEditorFlags: 0
  m_IsActive: 0
--- !u!224 &1633509252
RectTransform:
  m_ObjectHideFlags: 0
  m_PrefabParentObject: {fileID: 22400008, guid: 951665d44c6a342d2bd5137e77c20102,
    type: 2}
  m_PrefabInternal: {fileID: 472605398}
  m_GameObject: {fileID: 1633509251}
  m_LocalRotation: {x: 0, y: 0, z: 0, w: 1}
  m_LocalPosition: {x: 0, y: 0, z: 0}
  m_LocalScale: {x: .5, y: .5, z: 1}
  m_Children:
  - {fileID: 1612862198}
  - {fileID: 161375960}
  - {fileID: 1086559556}
  - {fileID: 220634340}
  m_Father: {fileID: 1499077527}
  m_RootOrder: 0
  m_AnchorMin: {x: 1, y: 1}
  m_AnchorMax: {x: 1, y: 1}
  m_AnchoredPosition: {x: 0, y: 0}
  m_SizeDelta: {x: 100, y: 100}
  m_Pivot: {x: .5, y: .5}
--- !u!1 &1882788062
GameObject:
  m_ObjectHideFlags: 0
  m_PrefabParentObject: {fileID: 100006, guid: 951665d44c6a342d2bd5137e77c20102, type: 2}
  m_PrefabInternal: {fileID: 472605398}
  serializedVersion: 4
  m_Component:
  - 224: {fileID: 1882788063}
  - 222: {fileID: 1882788065}
  - 114: {fileID: 1882788064}
  m_Layer: 5
  m_Name: Text
  m_TagString: Untagged
  m_Icon: {fileID: 0}
  m_NavMeshLayer: 0
  m_StaticEditorFlags: 0
  m_IsActive: 1
--- !u!224 &1882788063
RectTransform:
  m_ObjectHideFlags: 0
  m_PrefabParentObject: {fileID: 22400006, guid: 951665d44c6a342d2bd5137e77c20102,
    type: 2}
  m_PrefabInternal: {fileID: 472605398}
  m_GameObject: {fileID: 1882788062}
  m_LocalRotation: {x: 0, y: 0, z: 0, w: 1}
  m_LocalPosition: {x: 0, y: 0, z: 0}
  m_LocalScale: {x: 1, y: 1, z: 1}
  m_Children: []
  m_Father: {fileID: 134515917}
  m_RootOrder: 0
  m_AnchorMin: {x: 0, y: 0}
  m_AnchorMax: {x: 1, y: 1}
  m_AnchoredPosition: {x: 0, y: 0}
  m_SizeDelta: {x: 0, y: 0}
  m_Pivot: {x: .5, y: .5}
--- !u!114 &1882788064
MonoBehaviour:
  m_ObjectHideFlags: 0
  m_PrefabParentObject: {fileID: 11400008, guid: 951665d44c6a342d2bd5137e77c20102,
    type: 2}
  m_PrefabInternal: {fileID: 472605398}
  m_GameObject: {fileID: 1882788062}
  m_Enabled: 1
  m_EditorHideFlags: 0
  m_Script: {fileID: 708705254, guid: f5f67c52d1564df4a8936ccd202a3bd8, type: 3}
  m_Name: 
  m_EditorClassIdentifier: 
  m_Material: {fileID: 0}
  m_Color: {r: .195999995, g: .195999995, b: .195999995, a: 1}
  m_FontData:
    m_Font: {fileID: 10102, guid: 0000000000000000e000000000000000, type: 0}
    m_FontSize: 14
    m_FontStyle: 0
    m_BestFit: 0
    m_MinSize: 10
    m_MaxSize: 40
    m_Alignment: 4
    m_RichText: 1
    m_HorizontalOverflow: 0
    m_VerticalOverflow: 0
    m_LineSpacing: 1
  m_Text: Button
--- !u!222 &1882788065
CanvasRenderer:
  m_ObjectHideFlags: 0
  m_PrefabParentObject: {fileID: 22200006, guid: 951665d44c6a342d2bd5137e77c20102,
    type: 2}
  m_PrefabInternal: {fileID: 472605398}
  m_GameObject: {fileID: 1882788062}
--- !u!1 &1930440961
GameObject:
  m_ObjectHideFlags: 0
  m_PrefabParentObject: {fileID: 0}
  m_PrefabInternal: {fileID: 0}
  serializedVersion: 4
  m_Component:
  - 4: {fileID: 1930440966}
  - 20: {fileID: 1930440965}
  - 92: {fileID: 1930440964}
  - 124: {fileID: 1930440963}
  - 81: {fileID: 1930440962}
  m_Layer: 0
  m_Name: Main Camera
  m_TagString: MainCamera
  m_Icon: {fileID: 0}
  m_NavMeshLayer: 0
  m_StaticEditorFlags: 0
  m_IsActive: 1
--- !u!81 &1930440962
AudioListener:
  m_ObjectHideFlags: 0
  m_PrefabParentObject: {fileID: 0}
  m_PrefabInternal: {fileID: 0}
  m_GameObject: {fileID: 1930440961}
  m_Enabled: 1
--- !u!124 &1930440963
Behaviour:
  m_ObjectHideFlags: 0
  m_PrefabParentObject: {fileID: 0}
  m_PrefabInternal: {fileID: 0}
  m_GameObject: {fileID: 1930440961}
  m_Enabled: 1
--- !u!92 &1930440964
Behaviour:
  m_ObjectHideFlags: 0
  m_PrefabParentObject: {fileID: 0}
  m_PrefabInternal: {fileID: 0}
  m_GameObject: {fileID: 1930440961}
  m_Enabled: 1
--- !u!20 &1930440965
Camera:
  m_ObjectHideFlags: 0
  m_PrefabParentObject: {fileID: 0}
  m_PrefabInternal: {fileID: 0}
  m_GameObject: {fileID: 1930440961}
  m_Enabled: 1
  serializedVersion: 2
  m_ClearFlags: 1
  m_BackGroundColor: {r: .192156866, g: .301960796, b: .474509805, a: .0196078438}
  m_NormalizedViewPortRect:
    serializedVersion: 2
    x: 0
    y: 0
    width: 1
    height: 1
  near clip plane: .300000012
  far clip plane: 1000
  field of view: 60
  orthographic: 0
  orthographic size: 5
  m_Depth: -1
  m_CullingMask:
    serializedVersion: 2
    m_Bits: 4294967295
  m_RenderingPath: -1
  m_TargetTexture: {fileID: 0}
  m_TargetDisplay: 0
  m_HDR: 0
  m_OcclusionCulling: 1
  m_StereoConvergence: 10
  m_StereoSeparation: .0219999999
--- !u!4 &1930440966
Transform:
  m_ObjectHideFlags: 0
  m_PrefabParentObject: {fileID: 0}
  m_PrefabInternal: {fileID: 0}
  m_GameObject: {fileID: 1930440961}
  m_LocalRotation: {x: 0, y: 0, z: 0, w: 1}
  m_LocalPosition: {x: 0, y: 1, z: -10}
  m_LocalScale: {x: 1, y: 1, z: 1}
  m_Children: []
  m_Father: {fileID: 0}
  m_RootOrder: 0
--- !u!1 &2028867165
GameObject:
  m_ObjectHideFlags: 0
  m_PrefabParentObject: {fileID: 100010, guid: 951665d44c6a342d2bd5137e77c20102, type: 2}
  m_PrefabInternal: {fileID: 472605398}
  serializedVersion: 4
  m_Component:
  - 224: {fileID: 2028867166}
  - 222: {fileID: 2028867169}
  - 114: {fileID: 2028867168}
  - 114: {fileID: 2028867167}
  m_Layer: 5
  m_Name: Sub Uno
  m_TagString: Untagged
  m_Icon: {fileID: 0}
  m_NavMeshLayer: 0
  m_StaticEditorFlags: 0
  m_IsActive: 1
--- !u!224 &2028867166
RectTransform:
  m_ObjectHideFlags: 0
  m_PrefabParentObject: {fileID: 22400010, guid: 951665d44c6a342d2bd5137e77c20102,
    type: 2}
  m_PrefabInternal: {fileID: 472605398}
  m_GameObject: {fileID: 2028867165}
  m_LocalRotation: {x: 0, y: 0, z: 0, w: 1}
  m_LocalPosition: {x: 0, y: 0, z: 0}
  m_LocalScale: {x: 1, y: 1, z: 1}
  m_Children:
  - {fileID: 1418722390}
  m_Father: {fileID: 1273592571}
  m_RootOrder: 0
  m_AnchorMin: {x: .5, y: .5}
  m_AnchorMax: {x: .5, y: .5}
  m_AnchoredPosition: {x: 0, y: 33}
  m_SizeDelta: {x: 160, y: 30}
  m_Pivot: {x: .5, y: .5}
--- !u!114 &2028867167
MonoBehaviour:
  m_ObjectHideFlags: 0
  m_PrefabParentObject: {fileID: 11400010, guid: 951665d44c6a342d2bd5137e77c20102,
    type: 2}
  m_PrefabInternal: {fileID: 472605398}
  m_GameObject: {fileID: 2028867165}
  m_Enabled: 1
  m_EditorHideFlags: 0
  m_Script: {fileID: 1392445389, guid: f5f67c52d1564df4a8936ccd202a3bd8, type: 3}
  m_Name: 
  m_EditorClassIdentifier: 
  m_Navigation:
    m_Mode: 3
    m_SelectOnUp: {fileID: 0}
    m_SelectOnDown: {fileID: 0}
    m_SelectOnLeft: {fileID: 0}
    m_SelectOnRight: {fileID: 0}
  m_Transition: 1
  m_Colors:
    m_NormalColor: {r: 1, g: 1, b: 1, a: 1}
    m_HighlightedColor: {r: .960784316, g: .960784316, b: .960784316, a: 1}
    m_PressedColor: {r: .784313738, g: .784313738, b: .784313738, a: 1}
    m_DisabledColor: {r: .784313738, g: .784313738, b: .784313738, a: .501960814}
    m_ColorMultiplier: 1
    m_FadeDuration: .100000001
  m_SpriteState:
    m_HighlightedSprite: {fileID: 0}
    m_PressedSprite: {fileID: 0}
    m_DisabledSprite: {fileID: 0}
  m_AnimationTriggers:
    m_NormalTrigger: Normal
    m_HighlightedTrigger: Highlighted
    m_PressedTrigger: Pressed
    m_DisabledTrigger: Disabled
  m_Interactable: 1
  m_TargetGraphic: {fileID: 2028867168}
  m_OnClick:
    m_PersistentCalls:
      m_Calls:
      - m_Target: {fileID: 0}
        m_MethodName: addTestSubtitleUno
        m_Mode: 1
        m_Arguments:
          m_ObjectArgument: {fileID: 0}
          m_ObjectArgumentAssemblyTypeName: UnityEngine.Object, UnityEngine, Version=0.0.0.0,
            Culture=neutral, PublicKeyToken=null
          m_IntArgument: 0
          m_FloatArgument: 0
          m_StringArgument: 
          m_BoolArgument: 0
        m_CallState: 2
    m_TypeName: UnityEngine.UI.Button+ButtonClickedEvent, UnityEngine.UI, Version=1.0.0.0,
      Culture=neutral, PublicKeyToken=null
--- !u!114 &2028867168
MonoBehaviour:
  m_ObjectHideFlags: 0
  m_PrefabParentObject: {fileID: 11400012, guid: 951665d44c6a342d2bd5137e77c20102,
    type: 2}
  m_PrefabInternal: {fileID: 472605398}
  m_GameObject: {fileID: 2028867165}
  m_Enabled: 1
  m_EditorHideFlags: 0
  m_Script: {fileID: -765806418, guid: f5f67c52d1564df4a8936ccd202a3bd8, type: 3}
  m_Name: 
  m_EditorClassIdentifier: 
  m_Material: {fileID: 0}
  m_Color: {r: 1, g: 1, b: 1, a: 1}
  m_Sprite: {fileID: 10905, guid: 0000000000000000f000000000000000, type: 0}
  m_Type: 1
  m_PreserveAspect: 0
  m_FillCenter: 1
  m_FillMethod: 4
  m_FillAmount: 1
  m_FillClockwise: 1
  m_FillOrigin: 0
--- !u!222 &2028867169
CanvasRenderer:
  m_ObjectHideFlags: 0
  m_PrefabParentObject: {fileID: 22200008, guid: 951665d44c6a342d2bd5137e77c20102,
    type: 2}
  m_PrefabInternal: {fileID: 472605398}
  m_GameObject: {fileID: 2028867165}
